<?xml version="1.0" encoding="UTF-8"?><collection xmlns="http://www.loc.gov/MARC21/slim"><record><leader>00396nam--2200169-u-4500</leader><controlfield tag="001">000051728</controlfield><controlfield tag="002">20161230</controlfield><controlfield tag="005">20161230201049</controlfield><controlfield tag="008">080917s1000------------r-----000-0-eng-d</controlfield><datafield ind1=" " ind2=" " tag="040"><subfield code="a">IFIN-HH</subfield></datafield><datafield ind1=" " ind2=" " tag="080"><subfield code="a">517.564.3</subfield></datafield><datafield ind1="1" ind2=" " tag="100"><subfield code="a">Vatson,G.N</subfield></datafield><datafield ind1="1" ind2="0" tag="245"><subfield code="a">Teoriya Besselevykh Funktsii</subfield></datafield><datafield ind1=" " ind2=" " tag="260"><subfield code="a">Moskva</subfield><subfield code="c">1949</subfield></datafield><datafield ind1=" " ind2=" " tag="490"><subfield code="v">Chast pervaya</subfield></datafield><datafield ind1=" " ind2=" " tag="852"><subfield code="a">1312</subfield><subfield code="c">517.7</subfield></datafield><datafield ind1=" " ind2=" " tag="CAT"><subfield code="a">Sys</subfield><subfield code="c">20080917</subfield><subfield code="h">082019</subfield></datafield></record></collection>